<record><leader>00000cas a2200000Ma 4500</leader><controlfield tag="001">10959067</controlfield><controlfield tag="008">840717d18uu18uualudn ne      0    0eng d</controlfield><datafield ind1=" " ind2=" " tag="010"><subfield code="a">sn 84023582 </subfield></datafield><datafield ind1=" " ind2=" " tag="040"><subfield code="a">AQM</subfield><subfield code="b">eng</subfield><subfield code="c">AQM</subfield><subfield code="d">OCLCQ</subfield></datafield><datafield ind1="0" ind2="0" tag="245"><subfield code="a">Daily Selma times.</subfield></datafield><datafield ind1=" " ind2=" " tag="260"><subfield code="a">Selma, Ala. :</subfield><subfield code="b">S.J. Saffold</subfield></datafield><datafield ind1=" " ind2=" " tag="300"><subfield code="a">v. ;</subfield><subfield code="c">52-58 cm.</subfield></datafield><datafield ind1=" " ind2=" " tag="310"><subfield code="a">Daily (except Mon.)</subfield></datafield><datafield ind1=" " ind2=" " tag="500"><subfield code="a">Editor: S.J. Saffold, &lt;1873&gt;; R.M. English, &lt;1875&gt;.</subfield></datafield><datafield ind1=" " ind2=" " tag="580"><subfield code="a">Weekly ed.: Selma weekly times; Selma [dollar] times.</subfield></datafield><datafield ind1=" " ind2=" " tag="588"><subfield code="a">Description based on: Vol. 49, no. 130 (May 1, 1873).</subfield></datafield><datafield ind1=" " ind2="7" tag="655"><subfield code="a">Newspapers.</subfield><subfield code="2">rbgenr</subfield></datafield><datafield ind1=" " ind2=" " tag="752"><subfield code="a">United States</subfield><subfield code="b">Alabama</subfield><subfield code="c">Dallas</subfield><subfield code="d">Selma.</subfield></datafield><datafield ind1="1" ind2=" " tag="775"><subfield code="t">Selma weekly times</subfield><subfield code="w">(DLC)sn 85033105</subfield></datafield><datafield ind1="1" ind2=" " tag="775"><subfield code="t">Selma [dollar] times</subfield><subfield code="w">(DLC)sn 84023585</subfield></datafield><datafield ind1="0" ind2="0" tag="780"><subfield code="t">Selma morning times (Selma, Ala. : 1868)</subfield><subfield code="w">(DLC)sn 86050255</subfield></datafield><datafield ind1="0" ind2="0" tag="785"><subfield code="t">Selma morning times</subfield><subfield code="w">(DLC)   76643903</subfield></datafield></record>